<?xml version="1.0" encoding="UTF-8"?><collection><record><leader>03866ntm a2200481 a 4500</leader><controlfield tag="001">006818521</controlfield><controlfield tag="003">MiAaHDL</controlfield><controlfield tag="005">20190719000000.0</controlfield><controlfield tag="006">m        d        </controlfield><controlfield tag="007">cr bn ---auaua</controlfield><controlfield tag="008">090615s1863    xx            00| ||ota d</controlfield><datafield tag="035" ind1=" " ind2=" "><subfield code="a">(MiU)006818521</subfield></datafield><datafield tag="035" ind1=" " ind2=" "><subfield code="a">sdr-miu006818521</subfield></datafield><datafield tag="040" ind1=" " ind2=" "><subfield code="a">MiU</subfield><subfield code="c">MiU</subfield><subfield code="e">amremm</subfield></datafield><datafield tag="041" ind1="0" ind2=" "><subfield code="a">ota</subfield></datafield><datafield tag="043" ind1=" " ind2=" "><subfield code="a">n-us-mi</subfield><subfield code="a">a-tu---</subfield></datafield><datafield tag="245" ind1="0" ind2="3"><subfield code="6">880-03</subfield><subfield code="a">Hikmet-i tabiiye,</subfield><subfield code="f">[1279, i.e. 1863].</subfield></datafield><datafield tag="246" ind1="3" ind2=" "><subfield code="a">al-Ḥikmah al-ṭabīʻīyah</subfield></datafield><datafield tag="246" ind1="3" ind2=" "><subfield code="i">Title from inscription on 'title page' (p.1):</subfield><subfield code="a">الحكمة الطبيعيه</subfield></datafield><datafield tag="246" ind1="3" ind2=" "><subfield code="i">Title from spine label:</subfield><subfield code="a">حكمت طبيعيه</subfield></datafield><datafield tag="260" ind1=" " ind2=" "><subfield code="c">[1863].</subfield></datafield><datafield tag="300" ind1=" " ind2=" "><subfield code="a">142 leaves :</subfield><subfield code="b">paper ;</subfield><subfield code="c">209 x 130 (156 x 90) mm. bound to 215 x 138 mm.</subfield></datafield><datafield tag="500" ind1=" " ind2=" "><subfield code="a">Shelfmark: Ann Arbor, University of Michigan, Special Collections Library, Isl. Ms. 833</subfield></datafield><datafield tag="500" ind1=" " ind2=" "><subfield code="a">Origin: As appears at close on p.281, dated 28 Dhū al-Qaʻdah 1279 [ca. 17 May 1863].</subfield></datafield><datafield tag="500" ind1=" " ind2=" "><subfield code="a">Binding: Boards covered in textured, coated black paper with red leather over spine and corners of boards (barely, not quite half-binding) ; Western style binding ; pastedowns and flyleaves in printed 'marbled' paper (mainly in dark blue, pink and yellow) ; spine gold-stamped with vegetal designs and lines along ridges ; sewn in yellow thread, five stations, over cords ; stuck-on endbands ; overall in fair condition with some abrasion, lifting and losses of paper and leather, etc.</subfield></datafield><datafield tag="500" ind1=" " ind2=" "><subfield code="a">Support: Machine laid paper (faux laid wove) with 10 laid lines per cm. (vertical), chain lines spaced 22 mm. apart (horizontal), and watermark of "L J D," thin, transluscent, and quite well-burnished, tinted blue.</subfield></datafield><datafield tag="500" ind1=" " ind2=" "><subfield code="a">Decoration: Headpiece (ʻunwān / sarlawḥ) at opening on p.2 consisting of rural scene with canon on rolling hills set in a crescent flanked by assorted arms / weapons ; keywords, section headings, numerals and other symbols rubricated ; numerous line-drawings and diagrams (in pencil and black and red inks) illustrating text.</subfield></datafield><datafield tag="500" ind1=" " ind2=" "><subfield code="a">Script: Ruqʻah ; clear Turkish hand ; serifless with slight effect of inclination to the left and of words descending to baseline, freely ligatured, pointing in strokes rather than distinct dots.</subfield></datafield><datafield tag="500" ind1=" " ind2=" "><subfield code="a">Layout: Written in as many as 23 lines per page, though varies considerably depending on number of diagrams, mathematical problems, etc. ; frame-ruled.</subfield></datafield><datafield tag="500" ind1=" " ind2=" "><subfield code="a">Collation: i, 14 V(140), I (142), i ; almost exclusively quinions ; catchwords present ; pagination in pencil, Western numerals, supplied during digitization.</subfield></datafield><datafield tag="500" ind1=" " ind2=" "><subfield code="a">Incipit: "مقدمه علم حكمت طبيعيه علوم طبيعيه نك ..."</subfield></datafield><datafield tag="500" ind1=" " ind2=" "><subfield code="a">Title from rubricated heading at opening (p.2).</subfield></datafield><datafield tag="500" ind1=" " ind2=" "><subfield code="a">Ms. codex.</subfield></datafield><datafield tag="520" ind1="8" ind2=" "><subfield code="a">Careful copy of an Ottoman physics (physical science or natural sciences, i.e. hikmet-i tabiiye) textbook of uncertain authorship.</subfield></datafield><datafield tag="538" ind1=" " ind2=" "><subfield code="a">Mode of access: Internet.</subfield></datafield><datafield tag="541" ind1=" " ind2=" "><subfield code="a">Purchased in Cairo, 1933/34.</subfield></datafield><datafield tag="546" ind1=" " ind2=" "><subfield code="a">Ottoman Turkish.</subfield></datafield><datafield tag="561" ind1=" " ind2=" "><subfield code="a">Inscription describing contents on front flyleaf "Lectures (student's writing-book ?) in Turkish on Physics (Optics, etc.) from the Military School at Haidar Pasha (Constantinople)" ; book price and "Lect" in same hand on 'title page' (p.1) along with assorted inventory marks (٦٠, ٢٤, etc.) ; fairly clean copy.</subfield></datafield><datafield tag="650" ind1=" " ind2="0"><subfield code="a">Manuscripts, Turkish</subfield><subfield code="z">Michigan</subfield><subfield code="z">Ann Arbor.</subfield></datafield><datafield tag="650" ind1=" " ind2="0"><subfield code="a">Physics</subfield><subfield code="x">Study and teaching</subfield><subfield code="z">Turkey</subfield><subfield code="y">19th century.</subfield></datafield><datafield tag="651" ind1=" " ind2="0"><subfield code="a">Turkey</subfield><subfield code="x">History</subfield><subfield code="y">Ottoman Empire, 1288-1918</subfield><subfield code="v">Sources.</subfield></datafield><datafield tag="773" ind1="0" ind2=" "><subfield code="a">Tracy W. McGregor Collection of Arabic, Persian, and Turkish Mathematical and Astronomical Manuscripts.</subfield></datafield><datafield tag="880" ind1="0" ind2="2"><subfield code="6">245-03/</subfield><subfield code="a">حكمت طبيعيه,</subfield><subfield code="f">[1279ه, 1863م].</subfield></datafield><datafield tag="CID" ind1=" " ind2=" "><subfield code="a">006818521</subfield></datafield><datafield tag="DAT" ind1="0" ind2=" "><subfield code="a">20190719102639.0</subfield><subfield code="b">20190719000000.0</subfield></datafield><datafield tag="DAT" ind1="1" ind2=" "><subfield code="a">20190719090653.0</subfield><subfield code="b">2019-07-19T16:10:52Z</subfield></datafield><datafield tag="DAT" ind1="2" ind2=" "><subfield code="a">2015-10-10T18:00:06Z</subfield></datafield><datafield tag="CAT" ind1=" " ind2=" "><subfield code="a">SDR-MIU</subfield><subfield code="d">EX LIBRIS - ALEPH</subfield><subfield code="l">prepare.pl-004-008</subfield></datafield><datafield tag="FMT" ind1=" " ind2=" "><subfield code="a">BK</subfield></datafield><datafield tag="HOL" ind1=" " ind2=" "><subfield code="0">sdr-miu006818521</subfield><subfield code="a">MiU</subfield><subfield code="b">SDR</subfield><subfield code="c">MIU</subfield><subfield code="p">mdp.39015079129899</subfield><subfield code="s">MIU</subfield><subfield code="1">006818521</subfield></datafield><datafield tag="974" ind1=" " ind2=" "><subfield code="b">MIU</subfield><subfield code="c">MIU</subfield><subfield code="d">20190719</subfield><subfield code="s">lit-dlps-dc</subfield><subfield code="u">mdp.39015079129899</subfield><subfield code="y">1863</subfield><subfield code="r">pd</subfield><subfield code="q">bib</subfield><subfield code="t">non-US bib date1 &lt; 1879</subfield></datafield></record></collection>